% Encoding: UTF-8

@Book{Bresser2009,
  author       = {Bresser-Pereira, Luiz Carlos and Marconi, Nelson and Oreiro, José Luís},
  title        = {A doença holandesa},
  year         = {2009},
  date         = {2018-05-13},
  maintitle    = {Globalização e competição},
  mainsubtitle = {Por que alguns países emergentes têm sucesso e outros não},
  publisher    = {Elsevier Brasil},
  isbn         = {8535243240},
  url          = {http://www.bresserpereira.org.br/papers-cursos/Cap.5-DutchDisease.pdf},
}

@Book{Bresser2016,
  author    = {Bresser-Pereira, Luiz Carlos},
  title     = {A constru{\c{c}}{\~a}o pol{\'\i}tica do Brasil},
  year      = {2016},
  date      = {2018-05-13},
  subtitle  = {Sociedade, economia e estado desde a independ{\^e}ncia},
  publisher = {Editora 34},
  isbn      = {9788573266450},
  url       = {https://favaretoufabc.files.wordpress.com/2014/03/bresser_constrpoliticabrasil.pdf},
}

@Book{Holanda1995,
  author    = {de Holanda, S.B.},
  title     = {Ra{\'\i}zes do Brasil},
  year      = {1995},
  date      = {2018-05-14},
  edition   = {26},
  series    = {Biblioteca da Escola},
  publisher = {Companhia das Letras},
  isbn      = {9788571644489},
  url       = {https://favaretoufabc.files.wordpress.com/2014/03/sergio-buarque-de-holanda-raizes-do-brasil-extratos.pdf},
}

@Book{Faoro2001,
  author        = {Faoro, Raymundo},
  title         = {Os donos do poder},
  year          = {2001},
  date          = {2018-05-14},
  subtitle      = {Forma{\c{c}}{\~a}o do patronato pol{\'\i}tico brasileiro},
  edition       = {3},
  publisher     = {Globo},
  isbn          = {9788525033390},
  url           = {https://favaretoufabc.files.wordpress.com/2014/03/faoro-raymundo-os-donos-do-poder.pdf},
  __markedentry = {[caio:]},
  lccn          = {2001296485},
}

@Book{Fernandes1975,
  author        = {Fernandes, Florestan},
  title         = {A Revolu{\c{c}}{\~a}o Burguesa no Brasil},
  year          = {1975},
  date          = {2018-05-14},
  subtitle      = {Ensaio de Interpretação Sociol{\'{o}}gica},
  maintitle     = {A Revolu{\c{c}}{\~a}o Burguesa no Brasil},
  edition       = {2},
  publisher     = {Zahar Editores},
  pagetotal     = {413},
  url           = {https://favaretoufabc.files.wordpress.com/2014/03/fernandes-f-a-revolucao-burguesa-no-brasil.pdf},
  __markedentry = {[caio:6]},
  lccn          = {75507523},
}

@Comment{jabref-meta: databaseType:biblatex;}
